<record><leader>00000cas a2200000 a 4500</leader><controlfield tag="001">28485554</controlfield><controlfield tag="008">930722d18uu19uuiluwr ne      0   a0eng c</controlfield><datafield ind1=" " ind2=" " tag="010"><subfield code="a">sn 93055756 </subfield></datafield><datafield ind1=" " ind2=" " tag="040"><subfield code="a">NVF</subfield><subfield code="b">eng</subfield><subfield code="c">NVF</subfield><subfield code="d">OCL</subfield><subfield code="d">NVF</subfield><subfield code="d">OCLCQ</subfield><subfield code="d">OCLCF</subfield><subfield code="d">NVF</subfield><subfield code="d">OCLCO</subfield></datafield><datafield ind1="1" ind2=" " tag="029"><subfield code="a">AU@</subfield><subfield code="b">000020230685</subfield></datafield><datafield ind1=" " ind2=" " tag="042"><subfield code="a">pcc</subfield></datafield><datafield ind1=" " ind2=" " tag="043"><subfield code="a">n-us-il</subfield></datafield><datafield ind1="0" ind2=" " tag="130"><subfield code="a">Independent press (Griggsville, Ill.)</subfield></datafield><datafield ind1="1" ind2="4" tag="245"><subfield code="a">The independent press.</subfield></datafield><datafield ind1=" " ind2=" " tag="260"><subfield code="a">Griggsville, Pike Co., Ill. :</subfield><subfield code="b">Arnold Hughes</subfield></datafield><datafield ind1=" " ind2=" " tag="300"><subfield code="a">v.</subfield></datafield><datafield ind1=" " ind2=" " tag="310"><subfield code="a">Weekly</subfield></datafield><datafield ind1=" " ind2=" " tag="588"><subfield code="a">Description based on: Vol. 8, no. 19 (May 11, 1887).</subfield></datafield><datafield ind1=" " ind2=" " tag="588"><subfield code="a">Latest issue consulted: Aug. 5, 1970.</subfield></datafield><datafield ind1=" " ind2="0" tag="651"><subfield code="a">Griggsville (Ill.)</subfield><subfield code="v">Newspapers.</subfield></datafield><datafield ind1=" " ind2="7" tag="651"><subfield code="a">Illinois</subfield><subfield code="z">Griggsville.</subfield><subfield code="2">fast</subfield><subfield code="0">(OCoLC)fst01206842</subfield></datafield><datafield ind1=" " ind2="7" tag="655"><subfield code="a">Newspapers.</subfield><subfield code="2">fast</subfield><subfield code="0">(OCoLC)fst01423814</subfield></datafield><datafield ind1=" " ind2=" " tag="752"><subfield code="a">United States</subfield><subfield code="b">Illinois</subfield><subfield code="c">Pike</subfield><subfield code="d">Griggsville.</subfield></datafield><datafield ind1="0" ind2="5" tag="780"><subfield code="t">Griggsville herald</subfield></datafield><datafield ind1="0" ind2="0" tag="785"><subfield code="t">Pike press</subfield><subfield code="w">(DLC)sn 93055764</subfield><subfield code="w">(OCoLC)28514709</subfield></datafield></record>